@online{fujitask,
  author = {結城 清太郎},
  title = {ドワンゴ秘伝のトランザクションモナドを解説！},
  year = 2015,
  url = {https://qiita.com/pab_tech/items/86e4c31d052c678f6fa6},
  urldate = {2019-6-29}
}

@online{qiita_fujitask_eff,
  author = {吉村 優},
  title = {{Extensible Effectsでトランザクションモナド``Fujitask''を作る}},
  year = 2019,
  url = {https://qiita.com/yyu/items/fbd6edc00abb6395dabb},
  urldate = {2019-6-29}
}

@incollection{shinchoku,
  author    = {@halcat0x15a}, 
  title     = {{ScalaらしいEffを目指して}},
  booktitle = {進捗大陸05},
  year      = 2019,
  month     = 4,
  chapter   = 6,
  note      = {\url{https://shinchokutairiku.booth.pm/items/1309694}}
}